%% LaTeX2e file `vorlage.bib'
%% generated by the `filecontents' environment
%% from source `moravec-ir' on 2014/11/19.
%%

 @article{test1,
    author  = {Shen Lin and Brian W. Kernighan},
    title   = {An Effective Heuristic Algorithm for the Travelling-Salesman Problem},
    journal = {Operations Research},
    volume  = {21},
    year    = {1973},
    pages   = {498--516},
 }

@BOOK{test,
  title = {The Infamous Test},
  publisher = {Testington Test},
  year = {2007},
  author = {John Doe},
  address = {Testville},
}

@ARTICLE{test2,
  author = {Testi, T.},
  year = {2003},
  title = {Testartikel},
  journal = {Testjournal}
}
